@article{vallade2003analytical,
  title={Analytical solution of a neutral model of biodiversity},
  author={Vallade, M and Houchmandzadeh, B},
  journal={Physical Review E},
  volume={68},
  number={6},
  pages={061902},
  year={2003},
  publisher={APS}
}

@article{dall2002analytical,
  title={Random geometric graphs},
  author={Dall, J and Christensen, M},
  journal={Physical Review E},
  volume={66},
  number={1},
  pages={016121},
  year={2002},
  publisher={APS}
}

@article{dunne2005modeling,
  title={Modeling food-web dynamics: complexity-stability implications},
  author={Dunne, Jennifer A and Brose, Ulrich and Williams, Richard J and Martinez, Neo D},
  journal={Aquatic food webs: an ecosystem approach},
  pages={117},
  year={2005},
  publisher={Oxford University Press}
}

@article{desantana2013topological,
  title={Topological properties of polar food webs},
  author={de Santana, Charles N and Rozenfeld, Alejandro F and Marquet, Pablo A and Duarte, Carlos M},
  journal={Marine ecology. Progress series},
  volume={474},
  pages={15--26},
  year={2013},
  publisher={Inter-Research}
}


@article{bascompte&sole1996,
  title={Habitat fragmentation and extinction thresholds in spatially explicit models},
  author={Bascompte, J and Sol\'e, R},
  journal={Journal of Animal ecology},
  volume={65},
  number={},
  pages={465-473},
  year={1996},
  publisher={}
}

@article{fortuna&bascompte2006,
  title={Habitat loss and the structure of plant-animal mutualistic networks},
  author={Fortuna, MA and Bascompte, J},
  journal={Ecology Letters},
  volume={9},
  number={},
  pages={281-286},
  year={2006},
  publisher={}
}

@article{tilmanetal1994,
  title={Habitat destruction and the extinction debt},
  author={Tilman, D and May, RM and Lehman, CL and Nowak, M},
  journal={Nature},
  volume={371},
  number={},
  pages={65-66},
  year={1994},
  publisher={nature}
}

@book{cavalierietal1996,
  title={{U}pdated yearly. {S}ea {I}ce {C}oncentrations from {N}imbus-7 {SMMR} and {DMSP} {SSM/I}-{SSMIS} {P}assive {M}icrowave {D}ata (monthly data)},
  author={Cavalieri, DJ and Parkinson, CL and Gloersen, P and Zwally, H},
  year={1996},
  publisher={Boulder, Colorado USA: NASA National Snow and Ice Data Center Distributed Active Archive Center}
}

@article{ellneretal2001,
  title={Habitat structure and population persistence in an experimental community},
  author={Ellner, SP and McCauley, E and Kendall, BE and Briggs, CJ and Hosseini, PR and Wood, SN and Janssen, A and Sabelis, MW and Turchin, P and Nisbet, RM and Murdoch, WW},
  journal={Nature},
  volume={412},
  number={},
  pages={538--543},
  year={2001},
  publisher={University of Chicago}
}

@article{foxetal2011,
  title={Phase locking, the Moran effect and distance decay of synchrony: experimental tests in a model system},
  author={Fox, JW and Vasseur, DA and Hausch, S and Roberts, J},
  journal={Ecology Letters},
  volume={14},
  number={},
  pages={163--168},
  year={2011},
  publisher={University of Chicago}
}

@article{mannionetal2014,
  title={The latitudinal biodiversity gradient through deep time},
  author={Mannion, PD and Upchurch, P and Benson, RB and Goswami, A},
  journal={Trends in Ecology and Evolution},
  volume={29},
  number={},
  pages={42--50},
  year={2014},
  publisher={University of Chicago}
}

@article{daviesetal2009,
  title={Factors controlling community structure in heterogeneous metacommunities},
  author={Davies, KF and Holyoak, M and Preston, KA and Offeman, VA and Lum, Q},
  journal={Journal of Animal ecology},
  volume={78},
  number={},
  pages={937--944},
  year={2009},
  publisher={University of Chicago}
}

@article{altermattetal2011,
  title={Interactive effects of disturbance and dispersal directionality on species richness and composition in metacommunities},
  author={Altermatt, Florian and Schreiber, Sebastian and Holyoak, Marcel},
  journal={Ecology},
  volume={92},
  number={4},
  pages={859--870},
  year={2011},
  publisher={Eco Soc America}
}

@article{cadotte2006,
  title={Metacommunity influences on community richness at multiple spatial scales: a microcosm experiment},
  author={Cadotte, MW},
  journal={Ecology},
  volume={87},
  number={},
  pages={1008--1016},
  year={2006},
  publisher={University of Chicago}
}

@article{kneitel2004,
  title={Trade-offs in community ecology: linking spatial scales and species coexistence},
  author={Kneitel, JM and Chase, J},
  journal={Ecology Letters},
  volume={7},
  number={},
  pages={69--80},
  year={2004},
  publisher={University of Chicago}
}

@article{keymeretal2000,
  title={Extinction thresholds and metapopulation persistence in dynamic landscapes},
  author={Keymer, Juan E and Marquet, Pablo A and Velasco--Hern\'andez, JX and Levin, SA},
  journal={The American Naturalist},
  volume={156},
  number={5},
  pages={478--494},
  year={2000},
  publisher={University of Chicago}
}

@article{aguileetal2011,
  title={Ecological speciation in dynamic landscapes},
  author={Aguil{\'e}e, R and Lambert, A and Claessen, D},
  journal={Journal of Evolutionary Biology},
  volume={24},
  number={},
  pages={2663--2677},
  year={2011},
  publisher={University of Chicago}
}

@article{loarieetal2009,
  title={The velocity of climate change},
  author={Loarie, Scott R and Duffy, Philip B and Hamilton, Healy and Asner, Gregory P and Field, Christopher B and Ackerly, David D},
  journal={Nature},
  volume={462},
  number={},
  pages={1052--1055},
  year={2009},
  publisher={}
}

@article{rozenfeld2004self,
  title={A self-organized system of smart preys and predators},
  author={Rozenfeld, Alejandro F and Albano, Ezequiel V},
  journal={Physics Letters A},
  volume={332},
  number={5},
  pages={361--367},
  year={2004},
  publisher={Elsevier}
}

@article{ovaskainenhanski2003,
  title={Extinction Threshold in Metapopulation Models},
  author={Ovaskainen, O., and Hanski, I.},
  journal={Ann. Zool. Fennic.},
  volume={40},
  number={},
  pages={81--97},
  year={2003},
  publisher={Elsevier}
}

@article{fahrig2002,
  title={Effect of Habitat Fragmentation on the Extinction Threshold: A Synthesis},
  author={Fahrig, L.},
  journal={Ecological Applications},
  volume={12},
  number={2},
  pages={346--353},
  year={2002},
  publisher={Elsevier}
}

@article{rybickihanski2013,
  title={Species-area relationships and extinctions caused by habitat loss and fragmentation},
  author={Rybicki, J., and Hanski, I.},
  journal={Ecology Letters},
  volume={16},
  number={},
  pages={27--38},
  year={2013},
  publisher={Elsevier}
}

@article{haegemanLoreau2014,
  title={General relationships between consumer dispersal, resource dispersal and metacommunity diversity},
  author={Haegeman, B., and Loreau, M.},
  journal={Ecology Letters},
  volume={17},
  number={},
  pages={175--184},
  year={2014},
  publisher={Elsevier}
}

@article{whittaker2008,
  title={A general dynamic theory of oceanic island biogeography},
  author={Whittaker, R. J., and Triantis, K. A., and Ladle, R. J.},
  journal={J. Biogeography},
  volume={35},
  number={},
  pages={977--994},
  year={2013},
  publisher={Elsevier}
}


@article{van2010predicting,
  title={Predicting species distribution and abundance responses to climate change: why it is essential to include biotic interactions across trophic levels},
  author={Van der Putten, Wim H and Macel, Mirka and Visser, Marcel E},
  journal={Philosophical Transactions of the Royal Society B: Biological Sciences},
  volume={365},
  number={1549},
  pages={2025--2034},
  year={2010},
  publisher={The Royal Society}
}

@article{brose2009modelling,
  title={Modelling the dynamics of complex food webs},
  author={Brose, Ulrich and Dunne, Jennifer A},
  journal={Community Ecology: Processes, Models, and Applications},
  pages={37--44},
  year={2009}
}

@article{dunne2009cascading,
  title={Cascading extinctions and community collapse in model food webs},
  author={Dunne, Jennifer A and Williams, Richard J},
  journal={Philosophical Transactions of the Royal Society B: Biological Sciences},
  volume={364},
  number={1524},
  pages={1711--1723},
  year={2009},
  publisher={The Royal Society}
}

@article{levin1981representation,
  title={A representation for multinomial cumulative distribution functions},
  author={Levin, Bruce},
  journal={The Annals of Statistics},
  volume={9},
  number={5},
  pages={1123--1126},
  year={1981},
  publisher={Institute of Mathematical Statistics}
}

@book{Scotese2001,
  title={Atlas of earth history},
  author={Scotese, Christopher R},
  year={2001},
  publisher={University of Texas at Arlington. Department of Geology. PALEOMAP Project}
}

@incollection{SchtickzelleEtAl2012,
  author      = {Schtickzelle, Nicolas and Turlure, Camille and Baguette, Michel},
  title       = {Temporal variation in dispersal kernels in a metapopulation of the bog fritillary butterfly (Boloria eunomia)},
  editor      = {Clobert, Jean and Baguette, Michel and Benton, Tim G and Bullock, James M and Ducatez, Simon},
  booktitle   = {Dispersal Ecology and Evolution},
  publisher   = {Oxford University Press},
  address     = {Oxford},
  pages={231--239},
  year        = {2012},
}

@article{LauranceEtAl1997,
  title={Biomass collapse in Amazonian forest fragments},
  author={Laurance, William F and Laurance, Susan G and Ferreira, Leandro V and Rankin-de Merona, Judy M and Gascon, Claude and Lovejoy, Thomas E},
  journal={Science},
  volume={278},
  number={5340},
  pages={1117--1118},
  year={1997},
  publisher={American Association for the Advancement of Science}
}

@article{DebinskiHolt2000,
  title={A survey and overview of habitat fragmentation experiments},
  author={Debinski, Diane M and Holt, Robert D},
  journal={Conservation biology},
  volume={14},
  number={2},
  pages={342--355},
  year={2000},
  publisher={Wiley Online Library}
}

@article{KattwinkelEtAl2009,
  title={Modelling multi-species response to landscape dynamics: mosaic cycles support urban biodiversity},
  author={Kattwinkel, Mira and Strauss, Barbara and Biedermann, Robert and Kleyer, Michael},
  journal={Landscape ecology},
  volume={24},
  number={7},
  pages={929--941},
  year={2009},
  publisher={Springer}
}

@article{MetzgerEtAl2009,
  title={Time-lag in biological responses to landscape changes in a highly dynamic Atlantic forest region},
  author={Metzger, Jean Paul and Martensen, Alexandre Camargo and Dixo, Marianna and Bernacci, Luis Carlos and Ribeiro, Milton Cezar and Teixeira, Ana Maria Godoy and Pardini, Renata},
  journal={Biological Conservation},
  volume={142},
  number={6},
  pages={1166--1177},
  year={2009},
  publisher={Elsevier}
}

@article{RoshierEtAl2008,
  title={Animal movement in dynamic landscapes: interaction between behavioural strategies and resource distributions},
  author={Roshier, David A and Doerr, Veronica AJ and Doerr, Erik D},
  journal={Oecologia},
  volume={156},
  number={2},
  pages={465--477},
  year={2008},
  publisher={Springer}
}

@article{RuizEtAl2014,
  title={Dynamic connectivity of temporary wetlands in the southern Great Plains},
  author={Ruiz, Luis and Parikh, Niki and Heintzman, Lucas J and Collins, Steven D and Starr, Scott M and Wright, Christopher K and Henebry, Geoffrey M and van Gestel, Natasja and McIntyre, Nancy E},
  journal={Landscape Ecology},
  volume={29},
  number={3},
  pages={507--516},
  year={2014},
  publisher={Springer}
}

@article{Sprugel1991,
  title={Disturbance, equilibrium, and environmental variability: what is ‘natural’ vegetation in a changing environment?},
  author={Sprugel, Douglas G},
  journal={Biological conservation},
  volume={58},
  number={1},
  pages={1--18},
  year={1991},
  publisher={Elsevier}
}

@article{Nakagawal&Schielzeth2012,
  title={The mean strikes back: mean-variance relationships},
  author={Nakagwal, S. and Schielzeth, H.},
  journal={Trends in Ecology and Evolution},
  pages={474--475},
  year={2012},
  publisher={Elsevier}
}

@article{Violletal2012,
  title={The return of the variance: intraspecific variability in community ecology},
  author={Violle, C. and Enquist, B. J. and McGill, B. J. and Jiang, L. and Albert, C. H. and Hulshof, C. and Jung, V. and Messier, J.},
  journal={Trends in Ecology and Evolution},
  pages={244--252},
  year={2012},
  publisher={Elsevier}
}

@article{Sousa1984,
  title={The role of disturbance in natural communities},
  author={Sousa, Wayne P},
  journal={Annual review of ecology and systematics},
  pages={353--391},
  year={1984},
  publisher={JSTOR}
}

@article{SuppErnest2014,
  title={Species-level and community-level responses to disturbance: a cross-community analysis},
  author={Supp, Sarah R and Ernest, SK Morgan},
  journal={Ecology},
  volume={95},
  pages={1717--1723},
  year={2014},
  publisher={Eco Soc America}
}

@article{Connell1978,
  title={Diversity in tropical rain forests and coral reefs},
  author={Connell, Joseph H},
  journal={Science},
  volume={199},
  number={4335},
  pages={1302--1310},
  year={1978},
  publisher={Washington}
}

@article{Huston1979,
  title={A general hypothesis of species diversity},
  author={Huston, Michael},
  journal={American naturalist},
  pages={81--101},
  year={1979},
  publisher={JSTOR}
}

@article{Fox2013,
  title={The intermediate disturbance hypothesis should be abandoned},
  author={Fox, Jeremy W},
  journal={Trends in ecology \& evolution},
  volume={28},
  number={2},
  pages={86--92},
  year={2013},
  publisher={Elsevier}
}

@article{VanBuskirk2012,
  title={Permeability of the landscape matrix between amphibian breeding sites},
  author={Buskirk, Josh},
  journal={Ecology and evolution},
  volume={2},
  number={12},
  pages={3160--3167},
  year={2012},
  publisher={Wiley Online Library}
}

@article{ClineHunter2014,
  title={Different open-canopy vegetation types affect matrix permeability for a dispersing forest amphibian},
  author={Cline, Brittany B and Hunter, Malcolm L},
  journal={Journal of Applied Ecology},
  volume={51},
  number={2},
  pages={319--329},
  year={2014},
  publisher={Wiley Online Library}
}

@article{RittenhouseEtAl2009,
  title={Survival costs associated with wood frog breeding migrations: effects of timber harvest and drought},
  author={Rittenhouse, TAG and Semlitsch, RD and Thompson, FR},
  journal={Ecology},
  volume={90},
  number={6},
  pages={1620--1630},
  year={2009},
  publisher={Eco Soc America}
}

@article{KueflerEtAl2010,
  title={The conflicting role of matrix habitats as conduits and barriers for dispersal},
  author={Kuefler, Daniel and Hudgens, Brian and Haddad, Nick M and Morris, William F and Thurgate, Nicole},
  journal={Ecology},
  volume={91},
  number={4},
  pages={944--950},
  year={2010},
  publisher={Eco Soc America}
}

@article{BoizardEtAl2009,
  title={Effects of dynamic landscape elements on fish dispersal: the example of creek chub ({S}emotilus atromaculatus)},
  author={Boizard, J and Magnan, P and Angers, B},
  journal={Molecular Ecology},
  volume={18},
  number={3},
  pages={430--441},
  year={2009},
  publisher={Wiley Online Library}
}

@article{Hanski1999,
  title={Habitat connectivity, habitat continuity, and metapopulations in dynamic landscapes},
  author={Hanski, Ilkka},
  journal={Oikos},
  pages={209--219},
  year={1999},
  publisher={JSTOR}
}

@article{Vanpeteghem_Haegeman_2010,
  title={An analytical approach to spatio-temporal dynamics of neutral community models},
  author={Vanpeteghem, Dimitri and Haegeman, Bart},
  journal={Journal of mathematical biology},
  volume={61},
  number={3},
  pages={323--357},
  year={2010},
  publisher={Springer}
}

@article{DrechslerJohst2010,
  title={Rapid viability analysis for metapopulations in dynamic habitat networks},
  author={Drechsler, Martin and Johst, Karin},
  journal={Proceedings of the Royal Society B: Biological Sciences},
  volume={277},
  number={1689},
  pages={1889--1897},
  year={2010},
  publisher={The Royal Society}
}

@article{VuilleumierEtAl2007,
  title={How patch configuration affects the impact of disturbances on metapopulation persistence},
  author={Vuilleumier, S{\'e}verine and Wilcox, Chris and Cairns, Benjamin J and Possingham, Hugh P},
  journal={Theoretical population biology},
  volume={72},
  number={1},
  pages={77--85},
  year={2007},
  publisher={Elsevier}
}

@article{JohstEtAl2011,
  title={Biodiversity conservation in dynamic landscapes: trade-offs between number, connectivity and turnover of habitat patches},
  author={Johst, Karin and Drechsler, Martin and van Teeffelen, Astrid JA and Hartig, Florian and Vos, Claire C and Wissel, Silvia and W{\"a}tzold, Frank and Opdam, Paul},
  journal={Journal of Applied Ecology},
  volume={48},
  number={5},
  pages={1227--1235},
  year={2011},
  publisher={Wiley Online Library}
}

@article{VanTeeffelenEtAl2012,
  title={Species in a dynamic world: consequences of habitat network dynamics on conservation planning},
  author={Van Teeffelen, Astrid JA and Vos, Claire C and Opdam, Paul},
  journal={Biological Conservation},
  volume={153},
  pages={239--253},
  year={2012},
  publisher={Elsevier}
}

@article{WhickerDetling1988,
  title={Ecological consequences of prairie dog disturbances.},
  author={Whicker, April D and Detling, James K},
  journal={BioScience},
  volume={38},
  number={11},
  pages={778--785},
  year={1988}
}

@article {GEB:GEB12246,
author = {Hantson, Stijn and Pueyo, Salvador and Chuvieco, Emilio},
title = {Global fire size distribution is driven by human impact and climate},
journal = {Global Ecology and Biogeography},
volume = {24},
number = {1},
issn = {1466-8238},
url = {http://dx.doi.org/10.1111/geb.12246},
doi = {10.1111/geb.12246},
pages = {77--86},
keywords = {Fire size distribution, fire ecology, power law, self-organized criticality, SOC, wildland fire},
year = {2015},
}

@article{HobbsMooney1991,
  title={Effects of rainfall variability and gopher disturbance on serpentine annual grassland dynamics},
  author={Hobbs, Richard J and Mooney, Harold A},
  journal={Ecology},
  pages={59--68},
  year={1991},
  publisher={JSTOR}
}

@article{MiltonEtAl1997,
  title={Effects of small-scale animal disturbances on plant assemblages of set-aside land in Central {G}ermany},
  author={Milton, SJ and Dean, WRJ and Klotz, S},
  journal={Journal of Vegetation Science},
  volume={8},
  number={1},
  pages={45--54},
  year={1997},
  publisher={Wiley Online Library}
}

@article{LawtonPutz1988,
  title={Natural disturbance and gap-phase regeneration in a wind-exposed tropical cloud forest},
  author={Lawton, Robert O and Putz, Francis E},
  journal={Ecology},
  pages={764--777},
  year={1988},
  publisher={JSTOR}
}

@article{Goldblum1997,
  title={The effects of treefall gaps on understory vegetation in {N}ew {Y}ork State},
  author={Goldblum, David},
  journal={Journal of Vegetation Science},
  volume={8},
  number={1},
  pages={125--132},
  year={1997},
  publisher={Wiley Online Library}
}

@article{WerneckEtAl2011,
  title={Revisiting the historical distribution of Seasonally Dry Tropical Forests: new insights based on palaeodistribution modelling and palynological evidence},
  author={Werneck, Fernanda P and Costa, Gabriel C and Colli, Guarino R and Prado, Dari{\'e}n E and Sites Jr, Jack W},
  journal={Global Ecology and Biogeography},
  volume={20},
  number={2},
  pages={272--288},
  year={2011},
  publisher={Wiley Online Library}
}

@article{Keeling&Eames2005,
  title={Networks and epidemic models},
  author={Keeling, M J and Eames, KTD},
  journal={J R Soc Interface},
  volume={2},
  number={},
  pages={295--307},
  year={2008},
  publisher={}
}


@article{Dushoffetal2004,
  title={Dynamical resonance can account for seasonality of influenza epidemics},
  author={Dushoff, J and Plotkin, JB and Levin, SA and Earn DJ},
  journal={Proceedings of the National Academy of Science of the USA},
  volume={101},
  number={},
  pages={16915--16916},
  year={2008},
  publisher={}
}


@article{StensethEtAl2002,
  title={Ecological effects of climate fluctuations},
  author={Stenseth, Nils Chr. and Mysterud, Atle and Ottersen, Geir and Hurrell, James W and Chan, Kung-Sik and Lima, Mauricio},
  journal={Science},
  volume={297},
  number={},
  pages={1292--1296},
  year={2002},
  publisher={AAAS}
}

@article{VanWagnerEtAl2006,
  title={Historical fire cycles in the Canadian Rocky Mountain parks},
  author={Van Wagner, Charles E and Finney, Mark A and Heathcott, Mark},
  journal={Forest Science},
  volume={52},
  number={6},
  pages={704--717},
  year={2006},
  publisher={Society of American Foresters}
}

@article{WhelanEtAl2013,
  title={Cyclic Occurrence of Fire and Its Role in Carbon Dynamics along an Edaphic Moisture Gradient in Longleaf Pine Ecosystems},
  author={Whelan, Andrew and Mitchell, Robert and Staudhammer, Christina and Starr, Gregory},
  journal={PloS one},
  volume={8},
  number={1},
  pages={e54045},
  year={2013},
  publisher={Public Library of Science}
}

@article{KathiresanBingham2001,
  title={Biology of mangroves and mangrove ecosystems},
  author={Kathiresan, K and Bingham, Brian L},
  journal={Advances in marine biology},
  volume={40},
  pages={81--251},
  year={2001},
  publisher={Elsevier}
}

@article{EycottEtAl2012,
  title={A meta-analysis on the impact of different matrix structures on species movement rates},
  author={Eycott, Amy E and Stewart, Gavin B and Buyung-Ali, Lisette M and Bowler, Diana E and Watts, Kevin and Pullin, Andrew S},
  journal={Landscape ecology},
  volume={27},
  number={9},
  pages={1263--1278},
  year={2012},
  publisher={Springer}
}

@article{GovindanSwihart2012,
  title={Experimental Beetle Metapopulations Respond Positively to Dynamic Landscapes and Reduced Connectivity},
  author={Govindan, Byju N and Swihart, Robert K},
  journal={PloS one},
  volume={7},
  number={4},
  pages={e34518},
  year={2012},
  publisher={Public Library of Science}
}

@article{RoxburghEtAl2004,
  title={The intermediate disturbance hypothesis: patch dynamics and mechanisms of species coexistence},
  author={Roxburgh, Stephen H and Shea, Katriona and Wilson, J Bastow},
  journal={Ecology},
  volume={85},
  number={2},
  pages={359--371},
  year={2004},
  publisher={Eco Soc America}
}

@article{Cornell&Ovaskainen2008,
  title={Exact asymptotic analysis for metapopulation dynamics on correlated dynamic landscapes},
  author={Cornell, SJ and Ovaskainen, O.},
  journal={Theoretical Population Biology},
  volume={74},
  number={},
  pages={209--225},
  year={2008},
  publisher={}
}

@article{MillerEtAl2012,
  title={Interactions between frequency and size of disturbance affect competitive outcomes},
  author={Miller, Adam and Reilly, Dan and Bauman, Spenser and Shea, Katriona},
  journal={Ecological research},
  volume={27},
  number={4},
  pages={783--791},
  year={2012},
  publisher={Springer}
}

@book{Holyoaketal2005,
  title={Metacommunities: spatial dynamics and ecological communities},
  author={Holyoak, Marcel and Leibold, Mathew A and Holt, Robert D},
  year={2005},
  publisher={University of Chicago Press}
}

@article{Beaumont2010_ABC,
  title={Approximate {B}ayesian computation in evolution and ecology},
  author={Beaumont, Mark A},
  journal={Annual review of ecology, evolution, and systematics},
  volume={41},
  pages={379--406},
  year={2010},
  publisher={Annual Reviews}
}

@article{MelianEtAl2014,
  title={Dispersal dynamics in food webs},
  author={Meli\'an, Carlos J and Krivan, Vlastimil and Altermatt, Florian and Stary, Petr and Pellissier, Loic and De Laender, Frederik},
  journal={The American Naturalist (In Press)},
  volume={},
  number={},
  pages={},
  year={2014}
}

@article{Carrara2012dendritic,
  title={Dendritic connectivity controls biodiversity patterns in experimental metacommunities},
  author={Carrara, Francesco and Altermatt, Florian and Rodriguez-Iturbe, Ignacio and Rinaldo, Andrea},
  journal={Proceedings of the National Academy of Sciences},
  volume={109},
  number={15},
  pages={5761--5766},
  year={2012},
  publisher={National Acad Sciences}
}

@article{Steiner2011seasonal_experiments,
  title={Dispersal promotes compensatory dynamics and stability in forced metacommunities},
  author={Steiner, Christopher F and Stockwell, Richard D and Kalaimani, Vidhya and Aqel, Zakaria},
  journal={The American Naturalist},
  volume={178},
  number={2},
  pages={159--170},
  year={2011},
  publisher={JSTOR}
}

@article{LoreauEtAl2003,
  title={Biodiversity as spatial insurance in heterogeneous landscapes},
  author={Loreau, Michel and Mouquet, Nicolas and Gonzalez, Andrew},
  journal={Proceedings of the National Academy of Sciences},
  volume={100},
  number={22},
  pages={12765--12770},
  year={2003},
  publisher={National Acad Sciences}
}

@article{reigadaetal2015,
  title={Metapopulation dynamics on ephemeral patches},
  author={Reigada, C and Schreiber, S and Altermatt, F and Holyoak, M},
  journal={The American Naturalist},
  volume={185},
  number={},
  pages={183--195},
  year={2015},
  publisher={National Acad Sciences}
}

@article{GrenfellEtAl1995_seasonality,
  title={Seasonality and extinction in chaotic metapopulations},
  author={Grenfell, BT and Bolker, BM and Kleczkowski, A},
  journal={Proceedings of the Royal Society of London. Series B: Biological Sciences},
  volume={259},
  number={1354},
  pages={97--103},
  year={1995},
  publisher={The Royal Society}
}

@article{Ross2010,
  title={Computationally exact methods for stochastic periodic dynamics: Spatiotemporal dispersal and temporally forced transmission},
  author={Ross, Joshua Vincent},
  journal={Journal of theoretical biology},
  volume={262},
  number={1},
  pages={14--22},
  year={2010},
  publisher={Elsevier}
}

@article{BalcanEtAl2009_seasonal,
  title={Seasonal transmission potential and activity peaks of the new influenza A ({H}1{N}1): a {M}onte {C}arlo likelihood analysis based on human mobility},
  author={Balcan, Duygu and Hu, Hao and Goncalves, Bruno and Bajardi, Paolo and Poletto, Chiara and Ramasco, Jose J and Paolotti, Daniela and Perra, Nicola and Tizzoni, Michele and Broeck, Wouter V and others},
  journal={BMC medicine},
  volume={7},
  number={1},
  pages={45},
  year={2009},
  publisher={BioMed Central Ltd}
}

@article{FerrariEtAl2008,
  title={The dynamics of measles in sub-Saharan Africa},
  author={Ferrari, Matthew J and Grais, Rebecca F and Bharti, Nita and Conlan, Andrew JK and Bj{\o}rnstad, Ottar N and Wolfson, Lara J and Guerin, Philippe J and Djibo, Ali and Grenfell, Bryan T},
  journal={Nature},
  volume={451},
  number={7179},
  pages={679--684},
  year={2008},
  publisher={Nature Publishing Group}
}

@article{Gascueletal2015,
  title={How ecology and landscape dynamics shape phylogenetic trees},
  author={Gascuel, Fanny and Ferri{\`e}re, R{\'e}gis and Aguil{\'e}e, Robin and Lambert, Amaury},
  journal={Systematic Biology},
  volume={64},
  number={4},
  pages={590--607},
  year={2015},
  publisher={}
}

@article {Yannicetal2014,
	author = {Yannic, Glenn and Pellissier, Lo{\"\i}c and Le Corre, Ma{\"e}l and Dussault, Christian and Bernatchez, Louis and C{\^o}t{\'e}, Steeve D.},
	title = {Temporally dynamic habitat suitability predicts genetic relatedness among caribou},
	volume = {281},
	number = {1792},
	year = {2014},
	doi = {10.1098/rspb.2014.0502},
	publisher = {The Royal Society},
	abstract = {Landscape heterogeneity plays a central role in shaping ecological and evolutionary processes. While species utilization of the landscape is usually viewed as constant within a year, the spatial distribution of individuals is likely to vary in time in relation to particular seasonal needs. Understanding temporal variation in landscape use and genetic connectivity has direct conservation implications. Here, we modelled the daily use of the landscape by caribou in Quebec and Labrador, Canada and tested its ability to explain the genetic relatedness among individuals. We assessed habitat selection using locations of collared individuals in migratory herds and static occurrences from sedentary groups. Connectivity models based on habitat use outperformed a baseline isolation-by-distance model in explaining genetic relatedness, suggesting that variations in landscape features such as snow, vegetation productivity and land use modulate connectivity among populations. Connectivity surfaces derived from habitat use were the best predictors of genetic relatedness. The relationship between connectivity surface and genetic relatedness varied in time and peaked during the rutting period. Landscape permeability in the period of mate searching is especially important to allow gene flow among populations. Our study highlights the importance of considering temporal variations in habitat selection for optimizing connectivity across heterogeneous landscape and counter habitat fragmentation.},
	isbn = {1471-2954},
	issn = {0962-8452},
	journal = {Proceedings of the Royal Society of London B: Biological Sciences}
}

@article{HoltCovlin1997,
  title={A differential equation model of the interaction between the migration of the Senegalese grasshopper, ${O}edaleus$ $senegalensis$, its predators, and a seasonal habitat},
  author={Holt, Johnson and Colvin, John},
  journal={Ecological modelling},
  volume={101},
  number={2},
  pages={185--193},
  year={1997},
  publisher={Elsevier}
}

@article{EvansEtAl2013,
  title={Do simple models lead to generality in ecology?},
  author={Evans, Matthew R and Grimm, Volker and Johst, Karin and Knuuttila, Tarja and de Langhe, Rogier and Lessells, Catherine M and Merz, Martina and O’Malley, Maureen A and Orzack, Steve H and Weisberg, Michael and others},
  journal={Trends in ecology \& evolution},
  volume={28},
  number={10},
  pages={578--583},
  year={2013},
  publisher={Elsevier}
}

@article{AltermattEtAl2015,
  title={Big answers from small worlds: a user's guide for protist microcosms as a model system in ecology and evolution},
  author={Altermatt, Florian and Fronhofer, Emanuel A and Garnier, Aur{\'e}lie and Giometto, Andrea and Hammes, Frederik and Klecka, Jan and Legrand, Delphine and M{\"a}chler, Elvira and Massie, Thomas M and Pennekamp, Frank and others},
  journal={Methods in Ecology and Evolution},
  volume={6},
  number={2},
  pages={218--231},
  year={2015},
  publisher={Wiley Online Library}
}
